<record><leader>00000cas a22000007a 4500</leader><controlfield tag="001">9526174</controlfield><controlfield tag="008">830519d19141915ksumr ne      0    0eng d</controlfield><datafield ind1=" " ind2=" " tag="010"><subfield code="a">sn 83040298 </subfield></datafield><datafield ind1=" " ind2=" " tag="040"><subfield code="a">KSH</subfield><subfield code="b">eng</subfield><subfield code="c">KSH</subfield><subfield code="d">NPT</subfield><subfield code="d">OCLCQ</subfield><subfield code="d">OCLCF</subfield><subfield code="d">OCLCO</subfield></datafield><datafield ind1="1" ind2=" " tag="029"><subfield code="a">AU@</subfield><subfield code="b">000020455086</subfield></datafield><datafield ind1=" " ind2=" " tag="042"><subfield code="a">msc</subfield></datafield><datafield ind1=" " ind2=" " tag="043"><subfield code="a">n-us-ks</subfield></datafield><datafield ind1="0" ind2=" " tag="130"><subfield code="a">Crusader (Iola, Kan. : 1914)</subfield></datafield><datafield ind1="1" ind2="4" tag="245"><subfield code="a">The crusader.</subfield></datafield><datafield ind1=" " ind2=" " tag="260"><subfield code="a">Iola, Kan. :</subfield><subfield code="b">Crusader Pub. Co.</subfield></datafield><datafield ind1=" " ind2=" " tag="300"><subfield code="a">v. :</subfield><subfield code="b">ill. ;</subfield><subfield code="c">56 cm.</subfield></datafield><datafield ind1=" " ind2=" " tag="310"><subfield code="a">Monthly</subfield></datafield><datafield ind1="1" ind2=" " tag="362"><subfield code="a">Began in 1914; ceased in 1915?</subfield></datafield><datafield ind1=" " ind2=" " tag="500"><subfield code="a">"Special war edition" Sept. 1915; "Special Masonic edition" Oct. 1915.</subfield></datafield><datafield ind1=" " ind2=" " tag="500"><subfield code="a">Editor: Father Jones.</subfield></datafield><datafield ind1=" " ind2=" " tag="515"><subfield code="a">Suspended June-July 1915.</subfield></datafield><datafield ind1=" " ind2=" " tag="521"><subfield code="a">"Anti-Catholic."</subfield></datafield><datafield ind1=" " ind2=" " tag="588"><subfield code="a">Description based on: Vol. 1, no. 2 (Mar. 1914).</subfield></datafield><datafield ind1=" " ind2="0" tag="650"><subfield code="a">Anti-Catholicism</subfield><subfield code="v">Periodicals.</subfield></datafield><datafield ind1=" " ind2="0" tag="650"><subfield code="a">Socialism</subfield><subfield code="v">Periodicals.</subfield></datafield><datafield ind1=" " ind2="7" tag="655"><subfield code="a">Periodicals.</subfield><subfield code="2">fast</subfield><subfield code="0">(OCoLC)fst01411641</subfield></datafield><datafield ind1=" " ind2="7" tag="650"><subfield code="a">Anti-Catholicism.</subfield><subfield code="2">fast</subfield><subfield code="0">(OCoLC)fst00810287</subfield></datafield><datafield ind1=" " ind2="7" tag="650"><subfield code="a">Socialism.</subfield><subfield code="2">fast</subfield><subfield code="0">(OCoLC)fst01123637</subfield></datafield><datafield ind1="1" ind2=" " tag="700"><subfield code="a">Jones, Father.</subfield></datafield><datafield ind1=" " ind2=" " tag="752"><subfield code="a">United States</subfield><subfield code="b">Kansas</subfield><subfield code="c">Allen</subfield><subfield code="d">Iola.</subfield></datafield></record>